@book{BenchmarkHandbookBook,
    editor = {Jim Gray},
    title = {The Benchmark Handbook for Database and Transaction Systems},
    edition = {2nd},
    publisher = {Morgan Kaufmann},
    year = {1993},
    isbn = {1-55860-292-5},
    timestamp = {Mon, 06 Nov 2017 16:35:10 +0100},
    biburl = {https://dblp.org/rec/books/mk/Gray93.bib},
    bibsource = {dblp computer science bibliography, https://dblp.org},
}
@incollection{BenchmarkHandbook,
    author = {Jim Gray},
    editor = {Jim Gray},
    title = {Database and Transaction Processing Performance Handbook},
    booktitle = {The Benchmark Handbook for Database and Transaction Systems},
    edition = {2nd},
    publisher = {Morgan Kaufmann},
    year = {1993},
    isbn = {1-55860-292-5},
    ee = {db/books/collections/gray93/Gray93.html},
    crossref = {BenchmarkHandbookBook},
    bibsource = {DBLP, http://dblp.uni-trier.de},
}
@incollection{SetQueryBenchmark,
    author = {Patrick E. O'Neil},
    editor = {Jim Gray},
    title = {The Set Query Benchmark},
    booktitle = {The Benchmark Handbook for Database and Transaction Systems},
    edition = {2nd},
    publisher = {Morgan Kaufmann},
    year = {1993},
    isbn = {1-55860-292-5},
    ee = {db/books/collections/gray93/ONeil93.html},
    crossref = {BenchmarkHandbookBook},
    bibsource = {DBLP, http://dblp.uni-trier.de},
}
@incollection{Wisconsin2,
    author = {David J. DeWitt},
    editor = {Jim Gray},
    title = {The Wisconsin Benchmark: Past, Present, and Future},
    booktitle = {The Benchmark Handbook for Database and Transaction Systems},
    edition = {2nd},
    publisher = {Morgan Kaufmann},
    year = {1993},
    isbn = {1-55860-292-5},
    ee = {db/books/collections/gray93/DeWitt93.html},
    crossref = {BenchmarkHandbookBook},
    bibsource = {DBLP, http://dblp.uni-trier.de},
}
@incollection{DoingYourOwnBenchmark,
    author = {Tom Sawyer},
    editor = {Jim Gray},
    title = {Doing Your Own Benchmark},
    booktitle = {The Benchmark Handbook for Database and Transaction Systems},
    edition = {2nd},
    publisher = {Morgan Kaufmann},
    year = {1993},
    isbn = {1-55860-292-5},
    ee = {db/books/collections/gray93/Sawyer93.html},
    crossref = {BenchmarkHandbookBook},
    bibsource = {DBLP, http://dblp.uni-trier.de},
}
